@unpublished{Detlef1,
  Author = {Detlef Plump},
  Title = {Computing by Graph Transformation},
  Note = {http://www-module.cs.york.ac.uk/grat/Lectures/II.pdf},
  Year = {2012}
}
@book{Skiena,
 author = {Skiena, Steven S.},
 title = {The Algorithm Design Manual},
 year = {2008},
 isbn = {1848000693, 9781848000698},
 edition = {2nd},
 publisher = {Springer Publishing Company, Incorporated},
} 
@techreport{Ranjan,
  Author = {Anuja Ranjan},
  Title = {Grammar-based Generation of Random Graphs},
  Institution = {University of York},
  Year = {2011}
}
@book{Aho,
 author = {Aho, Alfred V. and Ullman, Jeffrey D.},
 title = {The theory of parsing, translation, and compiling},
 year = {1972},
 isbn = {0-13-914556-7},
 publisher = {Prentice-Hall, Inc.},
 address = {Upper Saddle River, NJ, USA},
} 